@book{liggett2012interacting,
  title={Interacting Particle Systems},
  author={Liggett, T.M.},
  isbn={9781461385431},
  series={Grundlehren der mathematischen Wissenschaften},
  url={https://books.google.fr/books?id=hnsCswEACAAJ},
  year={2012},
  publisher={Springer New York}
}

@book{liggett1999stochastic,
  title={Stochastic Interacting Systems: Contact, Voter and Exclusion Processes},
  author={Liggett, T.M.},
  isbn={9783540659952},
  lccn={99038162},
  series={Die Grundlehren der mathematischen Wissenschaften in Einzeldarstellungen},
  url={https://books.google.ch/books?id=z-UJcQxwv4EC},
  year={1999},
  publisher={Springer}
}

@book{Liggettpdf,
  author = {Liggett, T.M.},
  title = {Interacting Particle Systems-An Introduction},
  howpublished = "\url{http://users.ictp.it/~pub_off/lectures/lns017/Liggett/Liggett.pdf}"
}

@book {Feller,
        AUTHOR="W. Feller",
        TITLE={An Introduction to Probability Theory and Its
               Applications, Vol. 2},
        EDITION={second},
        YEAR={1966}  }
